<?xml version="1.0" encoding="UTF-8"?><collection xmlns="http://www.loc.gov/MARC21/slim"><record><leader>00528nam--2200193-i-4500</leader><controlfield tag="001">000036671</controlfield><controlfield tag="002">20161230</controlfield><controlfield tag="005">20161230201041</controlfield><controlfield tag="008">060222s1000------------r-----000-0-rus-d</controlfield><datafield ind1=" " ind2=" " tag="040"><subfield code="a">IFIN-HH</subfield></datafield><datafield ind1=" " ind2=" " tag="041"><subfield code="a">rus</subfield></datafield><datafield ind1=" " ind2=" " tag="080"><subfield code="a">533.915</subfield></datafield><datafield ind1="1" ind2=" " tag="100"><subfield code="a">Danilin, B.S</subfield></datafield><datafield ind1="1" ind2="0" tag="245"><subfield code="a">Primenenie nizko-temperaturnoi plazmi dlia travleniia i ocistki materialov</subfield><subfield code="b">B.S. Danilin, V.Iu. Kireev</subfield></datafield><datafield ind1=" " ind2=" " tag="260"><subfield code="a">Moskva</subfield><subfield code="b">Energoatomizdat</subfield><subfield code="c">1987</subfield></datafield><datafield ind1=" " ind2=" " tag="300"><subfield code="a">263p</subfield></datafield><datafield ind1="1" ind2=" " tag="700"><subfield code="a">Kireev, V.Iu</subfield></datafield><datafield ind1=" " ind2=" " tag="852"><subfield code="a">74926</subfield><subfield code="c">533.9</subfield></datafield><datafield ind1=" " ind2=" " tag="CAT"><subfield code="a">Sys</subfield><subfield code="c">20101001</subfield><subfield code="h">192159</subfield></datafield></record></collection>